<?xml version="1.0" encoding="UTF-8"?><xsearch xmlns:marc="http://www.loc.gov/MARC21/slim" to="1" from="1" records="1"><collection xmlns="http://www.loc.gov/MARC21/slim"><record><leader>01272cam a22003737 r4500</leader><controlfield tag="001">1234</controlfield><controlfield tag="003">SE-LIBR</controlfield><controlfield tag="005">20110309100026.0</controlfield><controlfield tag="008">011211s1971    xxu           000 0 eng c</controlfield><datafield tag="020" ind1=" " ind2=" "><subfield code="a">0-8247-1116-5</subfield></datafield><datafield tag="035" ind1=" " ind2=" "><subfield code="9">9900990307</subfield></datafield><datafield tag="040" ind1=" " ind2=" "><subfield code="a">Li*</subfield></datafield><datafield tag="082" ind1="0" ind2="4"><subfield code="a">551.46</subfield><subfield code="2">22 (machine generated)</subfield></datafield><datafield tag="083" ind1="0" ind2=" "><subfield code="a">543</subfield><subfield code="2">22 (machine generated)</subfield></datafield><datafield tag="083" ind1="0" ind2=" "><subfield code="a">577</subfield><subfield code="2">22 (machine generated)</subfield></datafield><datafield tag="084" ind1=" " ind2=" "><subfield code="a">Ubb</subfield><subfield code="2">kssb/5</subfield></datafield><datafield tag="084" ind1=" " ind2=" "><subfield code="a">Ucef</subfield><subfield code="2">kssb/5</subfield></datafield><datafield tag="084" ind1=" " ind2=" "><subfield code="a">Ue.05</subfield><subfield code="2">kssb/5</subfield></datafield><datafield tag="084" ind1=" " ind2=" "><subfield code="a">Ppdc</subfield><subfield code="2">kssb/5</subfield></datafield><datafield tag="245" ind1="0" ind2="0"><subfield code="a">Water and water pollution handbook.</subfield><subfield code="n">Vol. 2</subfield></datafield><datafield tag="260" ind1=" " ind2=" "><subfield code="a">New York :</subfield><subfield code="b">Marcel Dekker,</subfield><subfield code="c">1971</subfield></datafield><datafield tag="300" ind1=" " ind2=" "><subfield code="a">S. 451-800 :</subfield><subfield code="b">ill.</subfield></datafield><datafield tag="700" ind1="1" ind2=" "><subfield code="a">Ciaccio, Leonard L.</subfield><subfield code="4">edt</subfield></datafield><datafield tag="772" ind1="0" ind2="0"><subfield code="7">nn</subfield><subfield code="t">Water and water pollution handbook</subfield><subfield code="c">ed. by L.L. Ciaccio</subfield><subfield code="d">New York : Marcel Dekker, cop. 1971-1973</subfield><subfield code="w">9900006496</subfield><subfield code="9">2</subfield></datafield><datafield tag="976" ind1=" " ind2="2"><subfield code="a">Ubb</subfield><subfield code="b">Oceanografi Hydrologi</subfield></datafield><datafield tag="976" ind1=" " ind2="2"><subfield code="a">Ucef</subfield><subfield code="b">Kemi Analytisk</subfield></datafield><datafield tag="841" ind1=" " ind2=" "><subfield code="5">Lbio</subfield><subfield code="a">xa a</subfield><subfield code="b">0201070u    0   4000uu   |000000</subfield><subfield code="e">3</subfield></datafield><datafield tag="852" ind1=" " ind2=" "><subfield code="5">Lbio</subfield><subfield code="b">Lbio</subfield><subfield code="c">Inst480</subfield><subfield code="h">Limnologi : teknik och hydrobiologi</subfield></datafield><datafield tag="866" ind1=" " ind2=" "><subfield code="5">Lbio</subfield><subfield code="a">Vol. 1-4 (1971-1973)</subfield></datafield><datafield tag="841" ind1=" " ind2=" "><subfield code="5">Q</subfield><subfield code="a">x  a</subfield><subfield code="b">040311||    |||||001a||  |011126</subfield><subfield code="e">1</subfield></datafield><datafield tag="852" ind1=" " ind2=" "><subfield code="5">Q</subfield><subfield code="b">Q</subfield><subfield code="c">fos</subfield><subfield code="h">p 00691: 2</subfield></datafield><datafield tag="841" ind1=" " ind2=" "><subfield code="5">T</subfield><subfield code="a">xa a</subfield><subfield code="b">0201070u    0   4000uu   |000000</subfield><subfield code="e">1</subfield></datafield><datafield tag="852" ind1=" " ind2=" "><subfield code="5">T</subfield><subfield code="8">1.1\c</subfield><subfield code="b">T</subfield><subfield code="h">4c200</subfield></datafield><datafield tag="852" ind1=" " ind2=" "><subfield code="5">T</subfield><subfield code="8">1.1</subfield><subfield code="b">T</subfield></datafield></record></collection></xsearch>
